<?xml version="1.0" encoding="UTF-8"?><record xmlns="http://www.loc.gov/MARC21/slim" xmlns:cinclude="http://apache.org/cocoon/include/1.0" xmlns:zs="http://www.loc.gov/zing/srw/">
  <leader>00489cz  a2200157n  4500</leader>
  <controlfield tag="001">n  88161678 </controlfield>
  <controlfield tag="003">DLC</controlfield>
  <controlfield tag="005">20141210072230.0</controlfield>
  <controlfield tag="008">930302n| azannaab           |a aaa      </controlfield>
  <datafield tag="010" ind1=" " ind2=" ">
    <subfield code="a">n  88161678 </subfield>
  </datafield>
  <datafield tag="040" ind1=" " ind2=" ">
    <subfield code="a">DLC</subfield>
    <subfield code="b">eng</subfield>
    <subfield code="e">rda</subfield>
    <subfield code="c">DLC</subfield>
    <subfield code="d">DLC</subfield>
  </datafield>
  <datafield tag="100" ind1="1" ind2=" ">
    <subfield code="a">Māḍakāmi, Pradyumna</subfield>
  </datafield>
  <datafield tag="400" ind1="1" ind2="0">
    <subfield code="a">Madkami, Pradyumna</subfield>
  </datafield>
  <datafield tag="400" ind1="0" ind2="0">
    <subfield code="a">Pradyumna Māḍakāmi</subfield>
  </datafield>
  <datafield tag="400" ind1="0" ind2="0">
    <subfield code="a">Pradyumna Madkami</subfield>
  </datafield>
  <datafield tag="670" ind1=" " ind2=" ">
    <subfield code="a">Beja, Dhaneśvara. Koẏā ... 1991:</subfield>
    <subfield code="b">t.p. (Pradyumna Māḍakāmi) t.p. verso (Pradyumna Madkami)</subfield>
  </datafield>
</record>